
@book{tanenbaum2007verteilte,
	Author = {Tanenbaum, A.S. and Van Steen, M.},
	Date-Added = {2013-05-31 06:07:13 +0000},
	Date-Modified = {2013-05-31 06:07:13 +0000},
	Isbn = {9783827372932},
	Publisher = {Addison Wesley Verlag},
	Series = {Pearson Studium},
	Title = {Verteilte Systeme: Prinzipien und Paradigmen},
	Url = {http://books.google.at/books?id=V6I6PQAACAAJ},
	Year = {2007},
	Bdsk-Url-1 = {http://books.google.at/books?id=V6I6PQAACAAJ}}

@misc{duden,
	author = {Bibliographisches Institut GmbH},
	title = {Duden: Replikation},
	howpublished = "\url{http://www.duden.de/rechtschreibung/Replikation}",
	note = "[Online; Zugriff am: \today]"}

@misc{dict,
	author = {dict.cc},
	title = {replicatio},
	howpublished = "\url{http://browse.dict.cc/latein-deutsch/replicatio.html}",
	note = "[Online; Zugriff am: \today]"}

@misc{itw,
	author = {ITWissen},
	title = {Replikation},
	howpublished = "\url{http://www.itwissen.info/definition/lexikon/Replikation-replication.html}",
	note = "[Online; Zugriff am: \today]"}

@misc{wiki,
	author = {Wikipedia},
	title = {Replikation ({Datenverarbeitung})},
	howpublished = "\url{https://de.wikipedia.org/wiki/Replikation_(Datenverarbeitung)}",
	note = "[Online; Zugriff am: \today]"}

@misc{kaiserslautern,
	author = {Florian Munz},
	title = {Einsatz von {Replikation}},
	year = {2004},
	month = "Juli",
	howpublished = "\url{http://wwwlgis.informatik.uni-kl.de/archiv/wwwdvs.informatik.uni-kl.de/courses/seminar/SS2004/ausarbeitung14.pdf}",
	note = "[Online; Zugriff am: \today]"}

@misc{leipzig,
	author = {Yves Adler},
	title = {Replikation in {Datenbanken}},
	year = {2008},
	month = "Juni",
	howpublished = "\url{http://www.imn.htwk-leipzig.de/~kudrass/Lehrmaterial/DB2-VL/DB2-08/14A-Referat.pdf}",
	note = "[Online; Zugriff am: \today]"}

@misc{leipzig2,
	author = {Prof. Dr. E. Rahm},
	title = {Replizierte {Datenbanken}},
	year = {2011},
	howpublished = "\url{http://dbs.uni-leipzig.de/file/mrdbs-ws11-kap7.pdf}",
	note = "[Online; Zugriff am: \today]"}

@misc{ralfb,
	author = {Ralf Burger},
	title = {Desaster {Recovery} und {Replikation}},
	howpublished = "\url{http://burger-ag.de/replikation.whtml}",
	note = "[Online; Zugriff am: \today]"}

@misc{darmstadt,
	author = {Heiko Hornung},
	title = {Replikation in verteilten {Datenbanken}},
	year = {2000},
	howpublished = "\url{https://www.informatik.tu-darmstadt.de/BS/Lehre/Sem2000/proceedings/p110-final.ps.gz}",
	note = "[Online; Zugriff am: \today]"}

@misc{dangers,
	author = {Jim Gray{,} Pat Helland{,} Patrick Oâ€™Neil{,} Dennis Shasha},
	title = {The {Dangers} of {Replication} and a {Solution}},
	year = {1996},
	month = "Mai",
	howpublished = "\url{http://db.cs.berkeley.edu/cs286/papers/dangers-sigmod1996.pdf}",
	note = "[Online; Zugriff am: \today]"}
